% Encoding: UTF-8

@book{Knuth1998,
 author = {Knuth, Donald E.},
 title = {The art of computer programming,  volume 3: (2nd ed.) sorting and searching},
 year = {1998},
 publisher = {Addison Wesley Longman Publishing Co., Inc.},
 address = {Redwood City, CA, USA}
}

@book{Pollefliet2011,
  author = {Pollefliet, Leen},
  title = {Schrijven van verslag tot eindwerk: do's en don'ts},
  year = {2011},
  publisher = {Academia Press},
  address = {Gent}
}

@article{Creeger2009,
  author = {Creeger, Mache},
  journal = {Communications of the ACM},
  number = {8},
  pages = {50--56},
  title = {{CTO Roundtable: Cloud Computing}},
  volume = {52},
  year = {2009}
}

@Book{Putten2022,
  author    = {van Putten, Maaike and Kennedy, Sean},
  date      = {2022},
  title     = {Java Memory Management},
  isbn      = {9781801812856},
  publisher = {Packt Publishing, Limited},
  subtitle  = {A Comprehensive Guide to Garbage Collection and JVM Tuning},
}

@Article{Liang1998,
  author       = {Liang, Shen and Bracha, Gilad},
  date         = {1998-10},
  journaltitle = {{ACM} {SIGPLAN} Notices},
  title        = {Dynamic class loading in the Java virtual machine},
  doi          = {10.1145/286942.286945},
  number       = {10},
  pages        = {36--44},
  volume       = {33},
  publisher    = {Association for Computing Machinery ({ACM})},
}

@InProceedings{Huck1993,
  author    = {Huck, Jerry and Hays, Jim},
  booktitle = {Proceedings of the 20th annual international symposium on Computer architecture - {ISCA} {\textquotesingle}93},
  date      = {1993},
  title     = {Architectural support for translation table management in large address space machines},
  doi       = {10.1145/165123.165128},
  publisher = {{ACM} Press},
}

@Article{Bruno2018,
  author  = {Bruno, Rodrigo and Ferreira, Paulo},
  title   = {A Study on Garbage Collection Algorithms for Big Data Environments},
  doi     = {10.1145/3156818},
  pages   = {1-35},
  volume  = {51},
  journal = {ACM Computing Surveys},
  month   = {01},
  year    = {2018},
}

@InProceedings{Pufek2019,
  author    = {Pufek, P. and Grgić, H. and Mihaljević, B.},
  booktitle = {2019 42nd International Convention on Information and Communication Technology, Electronics and Microelectronics (MIPRO)},
  title     = {Analysis of Garbage Collection Algorithms and Memory Management in Java},
  doi       = {10.23919/MIPRO.2019.8756844},
  pages     = {1677-1682},
  year      = {2019},
}

@Article{Byers2007,
  author  = {Byers, Rick},
  date    = {2007},
  title   = {Garbage Collection Algorithms},
  comment = {CSEP 521},
}

@MastersThesis{VanderCruysse2019,
  author    = {Van der Cruysse, Jonathan and De Sutter, Bjorn},
  title     = {Garbage collection abstractions for high-level GPU languages},
  language  = {und},
  url       = {http://lib.ugent.be/catalog/rug01:002785863},
  abstract  = {Master of Science in Computer Science Engineering},
  publisher = {2019.},
  year      = {2019},
}

@Article{Critchley2021,
  author       = {Critchley, Terry},
  date         = {2021-06-01},
  journaltitle = {Planet Mainframe},
  title        = {The Mainframe Lives and Thrives: The Proof},
  url          = {https://planetmainframe.com/wp-content/uploads/2021/06/MAINFRAME-FACTS-and-STATISTICS.pdf},
}

@Article{Oracle2008,
  author = {Oracle},
  date   = {2008-08},
  title  = {Deterministic Garbage Collection:Unleash the Power of Java withOracle JRockit Real Time},
}

@Article{Lieberman1981,
  author = {Lieberman, Henry and Hewitt, Carl},
  date   = {1981-10-01},
  title  = {A Real Time Garbage Collector Based on the Lifetimes of Objects},
  url    = {http://hdl.handle.net/1721.1/6335},
}

 
@InProceedings{Grgic2018,
  author    = {Grgic, H. and Mihaljevic, B. and Radovan, A.},
  booktitle = {2018 41st International Convention on Information and Communication Technology, Electronics and Microelectronics (MIPRO)},
  date      = {2018-05},
  title     = {Comparison of garbage collectors in Java programming language},
  doi       = {10.23919/mipro.2018.8400277},
  publisher = {IEEE},
}

 
@InProceedings{Mao2009,
  author     = {Mao, Feng and Zhang, Eddy Z. and Shen, Xipeng},
  booktitle  = {Proceedings of the 2009 ACM SIGPLAN/SIGOPS international conference on Virtual execution environments},
  date       = {2009-03},
  title      = {Influence of program inputs on the selection of garbage collectors},
  doi        = {10.1145/1508293.1508307},
  publisher  = {ACM},
  series     = {VEE ’09},
  collection = {VEE ’09},
}

@Article{Dijkstra1978,
  author     = {Dijkstra, Edsger W. and Lamport, Leslie and Martin, A. J. and Scholten, C. S. and Steffens, E. F. M.},
  title      = {On-the-Fly Garbage Collection: An Exercise in Cooperation},
  doi        = {10.1145/359642.359655},
  issn       = {0001-0782},
  number     = {11},
  pages      = {966–975},
  url        = {https://doi.org/10.1145/359642.359655},
  volume     = {21},
  abstract   = {As an example of cooperation between sequential processes with very little mutual interference despite frequent manipulations of a large shared data space, a technique is developed which allows nearly all of the activity needed for garbage detection and collection to be performed by an additional processor operating concurrently with the processor devoted to the computation proper. Exclusion and synchronization constraints have been kept as weak as could be achieved; the severe complexities engendered by doing so are illustrated.},
  address    = {New York, NY, USA},
  issue_date = {Nov. 1978},
  journal    = {Commun. ACM},
  keywords   = {multiprocessing, garbage collection, cooperation bet. sequential processes w/ minimized mutual ex, fine-grained interleaving, program correctness for multiprogramming tasks},
  month      = {nov},
  numpages   = {10},
  publisher  = {Association for Computing Machinery},
  year       = {1978},
}

@Article{JCP,
  author = {Java Community Process},
  title  = {The Structure of the Java Virtual Machine},
  url    = {https://jcp.org/aboutJava/communityprocess/maintenance/jsr924/JVMS-SE5.0-Ch3-Overview.pdf},
}

@Comment{jabref-meta: databaseType:biblatex;}
